@misc{wired,
author = {Cohn, David},
title = {Hunting Down Digg's Bury Brigade},
month = mar,
year = {2007},
howpublished={\url{http://www.wired.com/techbiz/people/news/2007/03/72835}}
}

@misc{alternet,
author = {Olson, Ole Ole},
title = {Massive Censorship Of Digg Uncovered},
month = aug,
year = {2010},
howpublished={\url{http://blogs.alternet.org/oleoleolson/2010/08/05/massive-censorship-of-digg-uncovered/}}
}

@misc{dailydot,
author = {Morris, Kevin},
title = {How bots silence Ron Paul critics and threaten the democracy of Reddit},
month = may,
year = {2012},
howpublished={\url{http://www.dailydot.com/society/ron-paul-liberty-downvote-bot-reddit/}}
}

@misc{sej,
author = {Saleem, Muhammad},
title = {The Bury Brigade Exists, and Here's My Proof},
month = feb,
year = {2007},
howpublished={\url{http://www.dailydot.com/society/ron-paul-liberty-downvote-bot-reddit/}}
}




`